@Book{,
  author    = {},
  title     = {},
  date      = {},
  location  = {}
}
@article{,
    author = {},
		title = {},
    journal = {},
    volume = {},
    pages = {},
    year = {}
    }

@Incollection{,
    author = {},
    title = {},
    booktitle = {},
    editor = {},
    pages = {},
    year = {}
}

@incollection{Manuwald2015,
    title       = "Editing Roman (Republican) Tragedy: Challenges and Possible Solutions",
    author      = "Manuwald, G.",
    editor      = "Harrison, G.W.M.",
    booktitle   = "Brillâ€™s Companion to Roman Tragedy",
    address     = "Leiden",
    year        = "2015",
    pages       = "3-23",
	shorttitle = "Editing Roman (Republican) Tragedy",
}

@article{vandenHoek1996,
    author = {Van den Hoek, A.},
    title = {Techniques of quotation in Clement of Alexandria: A view of ancient literary working methods},
    journal = {Vigiliae Christianane},
    volume = {50},
    pages = {223-243},
    year = {1996},
    shorttitle = {Techniques of quotation in Clement of Alexandria},
    }

@article{Tischer2019,
    author = {Tischer, U.},
    title = {Quotations in Roman Prose as Intermedial Phenomena},
    journal = {Trends in Classics},
    volume = {11},
    pages = {34-50},
    year = {2019},
    }

@article{Dueck2009-1,
    author = {Dueck, D.},
    title = {Poetic Citations in Latin Prose Works of Historiography and Biography},
    journal = {Hermes},
    volume = {137},
    pages = {170-189},
    year = {2009},
    }

@article{Dueck2009-2,
    author = {Dueck, D.},
    title = {Poetic Citations in Latin Prose Works of Philosophy},
    journal = {Hermes},
    volume = {137},
    pages = {314-334},
    year = {2009},
    }

Check this citation. Cornell might be the reviewer of O. Skutsch?
@article{Cornell1986,
    author = {Cornell, T.J.},
    title = {The Annals of Quintus Ennius},
    journal = {JRS},
    volume = {76},
    pages = {244-250},
    year = {1986},
    }

    , T. J. 1986. "The Annals of Quintus Ennius." JRS, 76
    Warmington, E.H. 1935-6. Remains of Old Latin, Vols. 1-3, Cambridge, Mass.