@Book{,
  author    = {},
  title     = {},
  date      = {},
  location  = {}
}
@article{,
    author = {},
		title = {},
    journal = {},
    volume = {},
    pages = {},
    year = {}
    }

@Incollection{,
    author = {},
    title = {},
    booktitle = {},
    editor = {},
    pages = {},
    year = {}
}

@Incollection{Argyle1964,
  author = {Argyle, A.W.},
  title = {Evidence for the View that St. Luke used St. Matthew's Gospel},
  booktitle = {The Two-Source Hypothesis: A Critical Appraisal},
  editor = {Bellinzoni, A.J.},
  pages = {371-379},
  year = {1964}
}

@Incollection{Barrett1942,
  author = {Barret, C.K.},
  title = {Q: A Reexamination},
  booktitle = {The Two-Source Hypothesis: A Critical Appraisal},
  editor = {Bellinzoni, A.J.},
  pages = {259-268},
  year = {1942-1943}
}

@Incollection{Bradby1956,
  author = {Bradby, E.L.},
  title = {In Defence Of Q},
  booktitle = {The Two-Source Hypothesis: A Critical Appraisal},
  editor = {Bellinzoni, A.J.},
  pages = {287-293},
  year = {1956}
}

@Incollection{Dungan1970,
  author = {Dungan, D.L.},
  title = {Critique of the Q Hypothesis},
  booktitle = {The Two-Source Hypothesis: A Critical Appraisal},
  editor = {Bellinzoni, A.J.},
  pages = {427-433},
  year = {1970}
}

@Incollection{Farmer1975,
  author = {Farmer, W.R.},
  title = {A Fresh Approach to Q},
  booktitle = {The Two-Source Hypothesis: A Critical Appraisal},
  editor = {Bellinzoni, A.J.},
  pages = {397-408},
  year = {1975}
}

@Incollection{Fitzmyer1970,
  author = {Fitzmyer, J.A.},
  title = {Luke's Use Of Q},
  booktitle = {The Two-Source Hypothesis: A Critical Appraisal},
  editor = {Bellinzoni, A.J.},
  pages = {245-257},
  year = {1970}
}

@Incollection{Hawkins1911,
    author = {Hawkins, J.C. },
    title = {Three Limitations to St. Luke's Use of St. Mark's Gospel: The Disuse of the Markan Source in St. Luke ix. 51-xviii. 13},
    booktitle = {Oxford Studies in the Synoptic Gospels},
    edition = {2},
    editor = {Sanday, W.},
    pages = {29-59},
    year = {1911}
}

@article{Honore1986,
    author = {Honoré, A.M.},
    title = {A Statistical Study of the Synoptic Problem},
    journal = {Novum Testamentum},
    volume = {10},
    pages = {95-147},
    year = {1986}
    }

@Incollection{Kummel1973,
  author = {K\"ummel, W.G.},
  title = {In Support of Q},
  booktitle = {The Two-Source Hypothesis: A Critical Appraisal},
  editor = {Bellinzoni, A.J.},
  pages = {227-243},
  year = {1973}
}

@Incollection{Sanders1968,
  author = {Sanders, E.P.},
  title = {The Argument from Order and the Relationship between Matthew and Luke},
  booktitle = {The Two-Source Hypothesis: A Critical Appraisal},
  editor = {Bellinzoni, A.J.},
  pages = {409-426},
  year = {1968}
}

@Incollection{Styler1962,
  author = {Styler, G.M.},
  title = {The Priority of Mark},
  booktitle = {The Birth of the New Testament},
  editor = {Moule, C.F.D.},
  pages = {223-232},
  year = {1962}
}

@Incollection{Taylor1959,
  author = {Taylor, V.},
  title = {The Original Order of Q},
  booktitle = {The Two-Source Hypothesis: A Critical Appraisal},
  editor = {Bellinzoni, A.J.},
  pages = {295-317},
  year = {1959}
}

@Incollection{Tyson1985,
  author = {Tyson, J.B.},
  title = {The Two-Source Hypothesis: A Critical Appraisal},
  booktitle = {The Two-Source Hypothesis: A Critical Appraisal},
  editor = {Bellinzoni, A.J.},
  pages = {437-452},
  year = {1985}
}

@Incollection{Streeter1924,
  author    = {Streeter, B.H.},
  title     = {The Document Q},
  booktitle = {The Two-Source Hypothesis: A Critical Appraisal},
  editor = {Bellinzoni, A.J.},
  pages = {221-225},
  year = {1985}
}

@Book{Streeter1924Book,
  author    = {Streeter, B.H.},
  title     = {The Four Gospels: A Study of Origins, Treating of the Manuscript Tradition, Sources, Authorship, \& Dates},
  year = {1924},
  location = {Virginia, US}

}

@article{Downing1964,
    author = {Downing, F.G.},
    title = {Towards the Rehabilitation of Q},
    journal = {NTS},
    volume = {11},
    pages = {169-181},
    year = {1964-1965}
    }

% https://www.overleaf.com/learn/latex/Bibliography_management_with_biblatex
@article{Eichhorn1794,
    author = {Eichhorn, J.G.},
		title = {\"Uber die drei ersten Evangelisten},
    journal = {Allgemeine Bibliothek der biblischen Literatur},
    volume = {5},
    pages = {766},
    year = {1794}
    }

@article{Engelbrecht1996,
    author = {Engelbrecht, J.},
		title = {Challenging the two-source hypothesis: how successful are the commentaries?},
    journal = {Neotestamentica},
    volume = {30(1)},
    pages = {89-101},
    year = {1996}
    }

@Incollection{Farrer1955,
  author    = {Farrer, A.M.},
  title     = {On Dispensing with Q},
  booktitle = {The Two-Source Hypothesis: A Critical Appraisal},
  editor = {Bellinzoni, A.J.},
  pages = {321-356},
  year = {1985}
}

@Incollection{Griesbach1978,
    editor = {Orchard, B. and Longstaff, T.R.W.},
    title = {A Demonstration that Mark was Written after Matthew and Luke},
    author = {Griesbach, J.J.},
    booktitle = {J.J. Griesbach: Synoptic and Text - Critical Studies 1776–1976},
    volume = {34},
    pages = {74-102},
    year = {1978}
}

% 431 in Bellinzoni
@article{Petrie1959,
    author = {Petrie, S.},
    title = {'Q' is Only What You Make It},
    journal = {Novum Testamentum},
    volume = {3},
    pages = {28-33},
    year = {1959}
    }

@book{Sanders1969,
    author = {Sanders, E.P.},
    title = {The Tendencies of the Synoptic Tradition},
    year = {1969},
    location = {Cambridge}
    }

@article{Simpson1965,
    author = {Simpson, R.T.},
    title = {The Major Agreements of Matthew and Luke Against Mark},
    journal = {NTS},
    volume = {12},
    pages = {273-284},
    year = {1965-1966}
    }

@article{Watson2009,
    author = {Watson, F.},
    title = {Q as Hypothesis: A Study in Methodology},
    journal = {New Testament Studies},
    volume = {55},
    pages = {397-415},
    year = {2009}
    }

@article{Woods1886,
    author = {Woods, F.H.},
    title = {The Origin and Mutual Relations of the Synoptic Gospels},
    journal = {Studia Bibblica et Ecclesiastica},
    volume = {II},
    pages = {59-104},
    year = {1886}
    }

Nicene and Post-Nicene Fathers
Schaff, P.

@incollection{Augustine,
  author      = {St Augustine},
  title       = {The Harmony of the Gospels},
  editor      = {Schaff, P.},
  booktitle   = {Nicene and Post-Nicene Fathers: Series I/Volume VI},
  address     = {Oxford},
  year        = {1885},
}

@Book{Bellinzoni1985,
  author    = {Bellinzoni, A.J.},
	title     = {The Two-Source Hypothesis},
  date      = {1985},
  location  = {Georgia, US},
}

@Book{Lummis1915,
  author    = {Lummis, E.W.},
  title     = {How Was Luke Written: Considerations Affecting the Two-Document Theory with Special Reference to the Phenomenon of Order in the Non-Markan Matter Common to Matthew and Luke},
  date      = {1915},
  location  = {Cambridge}
}

@Book{Marxen1968,
  author    = {Marxsen, W.},
  title     = {Introduction to the New Testament: An Approach to its Problems},
  date      = {1968},
  location  = {Michigan, US}
}

@Book{Westcott1885,
  author    = {Westcott, B.F. and Hort, F.J.A.},
  title     = {The New Testament in the Original Greek},
  date      = {1885},
  location  = {Cambridge}
}

@online{Carlson1999,
    author = {Carlson, S.C.},
    title = {The Two Source Hypothesis},
    year = "1999",
    url = {https://web.archive.org/web/20080515022301/http://www.mindspring.com/~scarlson/synopt/2sh/index.htm},
    urldate = {2020-02-06}
}

@online{Goodacre2003,
    author = {Goodacre, M.},
    title = {Ten Reasons to Question Q},
    year = "1997",
    url = {https://web.archive.org/web/20081015182345/http://ntgateway.com/Q/ten.htm},
    urldate = {2020-02-06}
}

@online{Montserrat,
    author = {Montserrat, J.},
    title = {Two-Source Hypothesis},
    date = {2005},
    url = {http://www.hypotyposeis.org/synoptic-problem/2004/09/two-source-hypothesis.html},
    urldate = {2020-02-06}
}

% # COMPUTER SCIENCE PART
@article{Deneire2018,
    author = {Deneire, T.},
    title = {Filelfo, Cicero and epistolary style : a computational study},
    journal = {Brill's studies in intellectual history},
    volume = {289},
    pages = {239-270},
    date = {2018}
}
   
@article{Kestemont2014,
    author = {Kestemont, M. and Moens, S. and Deploige, J.},
    date = {2014},
    pages = {199-224},
    title = {Collaborative Authorship in the Twelfth Century: A Stylometric Study of Hildegard of Bingen and Guibert of Gembloux},
    volume = {30},
    journal = {DSH},
}

@book{Grieve2002,
   author = {Grieve, J.W.},
   title = {Quantitative Authorship Attribution: A History and an Evaluation of Techniques},
   date = {2002}
  }

@book{StyloManual,
    author    = {Eder, M. and Rybicki, J. and Kestemont, M.},
    title     = {'Stylo': a package for stylometric analysis},
    date      = {2017}
    }

@Book{Aland1985,
  author    = {Aland, K.},
  title     = {Synopsis Quattuor Evangeliorum},
  date      = {1985},
  location  = {Stuttgart}
}

@online{Inglis,
    author = {Inglis, D.},
    title = {Tricky NT Textual Issues},
    url = {https://sites.google.com/site/inglisonmarcion/Home/the-synoptic-problem/the-making-of-the-double-tradition},
    urldate = {2020-07-06}
}

@Book{Kloppenborg2000,
  author    = {Kloppenborg, J.S.},
  title     = {Excavating Q: The History and Setting of the Sayings Gospel},
  date      = {2000},
  location  = {Minneapolis, US}
}

@online{Perseus,
  author = {Perseus, Digital Library},
  title = {Perseus Vocabulary Tool},
  year = "2007",
  url = {http://www.perseus.tufts.edu/hopper/help/vocab},
  urldate = {2020-05-18}
}

@online{Carlson,
  author = {Carlson, S.C.},
  title = {The Two Source Hypothesis},
  year = {1999},
  url = {https://web.archive.org/web/20080515022301/http://www.mindspring.com/~scarlson/synopt/2sh/index.htm},
  urldate = {2020-07-10}
}

@online{Goodacre,
  author = {Goodacre, M.},
  title = {Ten Reasons to Question Q},
  year = {1997},
  url = {https://web.archive.org/web/20081015182345/http://ntgateway.com/Q/ten.htm},
  urldate = {2020-07-11}
}


The Two Source Hypothesis

@article{Smith1888,
  author = {Mascol, C. (a.k.a. W.B. Smith)},
  title  = {Curves of Pauline and Pseudo-Pauline Style I\&II},
  journal = {Unitarian Review},
  volume = {30},
  pages = {452-460 and 539-546},
  year = {1888}
}

@article{Holmes1985,
  author = {Holmes, D.},
  title = {The Evolution of Stylometry in Humanities Scholarship},
  journal = {Literary and Linguistic Computing},
  volume = {13},
  pages = {111-117},
  year = {1998}
}

@article{Damerau1975,
  author = {Damerau, F.J.},
  title = {The use of function word frequencies as indicators of style},
  journal = {Computers and the Humanities},
  volume = {9},
  pages = {271},
  year = {1975}
}

@article{Dalen-Oskam2005,
   author = {van Dalen-Oskam, K. and van Zundert, J.},
   title = {De list van het lexicon. Auteursonderscheiding met behulp van computer-ondersteunde woordenschatanalyse},
   journal = {Nederlandse Letterkunde.},
   volume = {10},
   pages = {212-231},
   year = {2005}
   }